<?xml version="1.0" encoding="UTF-8"?>
<collection xmlns:xsi="http://www.w3.org/2001/XMLSchema-instance" xsi:schemaLocation="http://www.loc.gov/MARC21/slim http://www.loc.gov/standards/marcxml/schema/MARC21slim.xsd" xmlns="http://www.loc.gov/MARC21/slim">
<record>
  <leader>00812nam a22001691i 4500</leader>
  <controlfield tag="001">2760573</controlfield>
  <controlfield tag="003">NNC</controlfield>
  <controlfield tag="005">20030429134722.0</controlfield>
  <controlfield tag="008">001114s1951    ua h          000 0 ara d</controlfield>
  <datafield tag="035" ind1=" " ind2=" ">
    <subfield code="a">(OCoLC)ocm45348044</subfield>
  </datafield>
  <datafield tag="035" ind1=" " ind2=" ">
    <subfield code="9">ARM6319CU</subfield>
  </datafield>
  <datafield tag="040" ind1=" " ind2=" ">
    <subfield code="a">ZCU</subfield>
    <subfield code="c">ZCU</subfield>
  </datafield>
  <datafield tag="090" ind1=" " ind2=" ">
    <subfield code="a">DS154.5</subfield>
    <subfield code="b">.W38</subfield>
  </datafield>
  <datafield tag="245" ind1="0" ind2="0">
    <subfield code="a">Wathāʾiq khatīrah ʻan ittisāl walī al-amr fī Sharq al-Urdun bi-al-Yahūd qabla harb Filastīn wa-baʻdahā.</subfield>
    <subfield code="b">Muʾāmarāt al-Urdun wa-al-Yahūd didda jaysh Misr wa-al-juyūsh al-ʻArabīyah. Tabiʻat fashal al-ʻArab wa-diyā ʻFilastīn minhum wa-tashrīd malyūn min ahlihā. Haqāʾiq ʻan taslīm mudun al-Ludd wa-al-Ramlah wa-Yāfā wa-Hayfā lil-Yahūd.</subfield>
  </datafield>
  <datafield tag="260" ind1=" " ind2=" ">
    <subfield code="a">al-Qāhirah :</subfield>
    <subfield code="b">al-Matba ʻah al-Salafīyah,</subfield>
    <subfield code="c">[1951?]</subfield>
  </datafield>
  <datafield tag="300" ind1=" " ind2=" ">
    <subfield code="a">143 p. :</subfield>
    <subfield code="b">facsims. ;</subfield>
    <subfield code="c">20 cm.</subfield>
  </datafield>
  <datafield tag="955" ind1=" " ind2=" ">
    <subfield code="b">CU52904350</subfield>
    <subfield code="d">off,glx</subfield>
    <subfield code="e">DS154.5 .W38</subfield>
  </datafield>
</record>
</collection>